2594 4524
565 355 835 432 -166-

180 575 359 663 quentin
382 572 630 658 Agamemnonis
656 573 754 639 exitu
774 571 907 635 dubium
928 592 996 637 esse
1026 594 1093 636 nou
1118 554 1257 658 poterat,

178 691 259 776 quin
277 690 360 754 ultio
382 697 509 751 maneat
521 688 831 774 Clytaemnestram,
855 688 899 750 ita
914 688 1060 752 nuno'de
1072 690 1204 755 Orestis
1221 712 1257 754 sa·

79 792 87 809 ¹
149 807 243 871 ,tnta
266 805 406 870 dubitari
429 825 494 866 non
516 816 631 890 potest,
654 828 728 869 cum
751 779 889 888 optimus
908 814 1050 867 servator
1067 811 1102 867 et
1118 804 1257 868 lustrator

176 922 218 985 sit
237 922 365 1005 Apollo.
413 924 500 987 Haeo
533 922 632 1008 igitur
654 921 816 1006 tragoedia
841 931 907 984 tam
937 920 1021 984 laeta
1052 940 1110 1003 spe
1132 920 1256 1002 linitur,

177 1060 274 1120 qnam
292 1036 400 1100 tristis.
423 1047 491 1100 erat
523 1038 596 1099 linis
622 1038 883 1122 Agamemnonis:
911 1034 945 1131 id
978 1034 1067 1121 quod
1091 1045 1256 1118 utrumque

46 1219 49 1225 ,
177 1153 322 1216 concinit
351 1173 423 1217 curn
447 1156 633 1217 numinibus
656 1154 815 1234 deorum,
849 1150 963 1237 quiin
987 1160 1126 1234 utraque
1158 1149 1257 1213 fabula

176 1247 373 1355 praevalent.
424 1272 545 1332 Tamen
582 1269 800 1353 maximopere
830 1266 947 1330 intenti
968 1275 1124 1353 tenentur
1145 1264 1256 1347 animi,

178 1376 388 1467 quaerentes,
427 1407 566 1468 quanam
601 1384 743 1467 denique
771 1383 823 1448 ria
849 1383 998 1446 Orestem
1026 1380 1074 1444 dii
1109 1379 1256 1446 servaturi

176 1499 370 1585 domumque
392 1511 502 1565 contra
524 1523 651 1564 omnem
670 1499 838 1563 Furiarum
869 1500 1028 1585 'impetum
1050 1496 1256 1583 inposterum

176 1613 291 1686 tuitnri
313 1618 377 1703 sint
397 1596 472 1696 (ποῖ
490 1616 567 1702 δῆτα
594 1622 719 1701 κρανεῖ,
744 1621 803 1678 ποῖ
825 1607 993 1696 καταλήξει
1020 1612 1256 1694 μετακοιμισθὲν

174 1710 275 1810 praua
291 1717 387 1816 ci'ripg,
410 1737 517 1812 1075),
557 1734 748 1795 Hominibus
769 1732 868 1818 igitur
906 1729 1021 1792 iubae
1042 1726 1251 1793 terribilem·

127 1823 130 1831 Ι
175 1831 263 1928 plius
284 1851 440 1932 agendum
470 1860 533 1931 est,
566 1850 746 1938 litigaturus
772 1859 821 1913 est
841 1846 960 1932 Apollo
988 1867 1063 1910 oum
1089 1842 1251 1921 Furiis,a
1282 1842 1286 1849 '

179 1965 321 2047 qualite
344 1966 480 2030 diremta
500 1967 622 2051 pendet
650 1967 744 2032 etiem
767 1964 996 2049 Pelopidarum
1016 1962 1104 2030 salua
1124 1970 1182 2027 aut
1199 1980 1254 2050 per

181 2078 293 2151 uicies.

692 2241 749 2314 ³6.

551 2416 872 2518 'Eumenides

264 2648 402 2710 Ineunte
430 2647 537 2709 statim
567 2648 728 2732 tragoedia
756 2648 868 2711 ultima
888 2648 1090 2735 significatur
1107 2651 1189 2715 ratio
1209 2671 1255 2714 nu

179 2760 323 2842 minum,
359 2738 477 2844 quibus
513 2770 616 2846 partes
641 2772 716 2826 sunt
744 2764 894 2847 agendae,
947 2767 976 2827 A
1008 2766 1144 2834 Tellure
1173 2778 1254 2839 tene

177 2874 305 2953 brionsa
326 2884 359 2940 et
379 2898 398 2938 a
417 2875 587 2940 Titanibus
609 2879 774 2941 oraculum
796 2858 908 2971 transit
926 2882 968 2944 ad
988 2883 1066 2948 deos
1086 2885 1252 2971 Olympios,

179 2988 334 3068 Themis,
368 3013 450 3076 quae
480 2992 547 3078 ipsa
568 2991 618 3075 jus
648 2982 792 3057 divinum
822 2995 856 3056 in
877 3018 946 3059 sese
967 2999 1129 3082 continet,
1150 2998 1253 3086 sponte
1278 3078 1283 3087 .

179 3129 217 3199 aa
238 3108 378 3186 libenter
398 3107 549 3171 Pboebae
577 3107 684 3186 aedit,
713 3130 797 3192 qnae
819 3110 953 3174 Phoebo
979 3135 1068 3177 sacra
1092 3117 1149 3178 illa
1169 3114 1255 3179 tradit

174 3233 238 3310 'pro
259 3225 345 3289 dono
376 3223 537 3286 natalicio.
578 3220 728 3287 Pboebus
750 3224 864 3289 Lox'ins
892 3228 979 3292 lovis
1009 3229 1096 3317 leges
1118 3232 1254 3295 enuntiat

72 3400 74 3405 .
177 3341 257 3420 (17),
279 3341 381 3422 Joris,
400 3336 458 3425 qui
481 3341 650 3403 numinum
661 3342 805 3403 omnium
818 3364 986 3427 supremus
1003 3356 1051 3409 est
1062 3344 1156 3425 ¹128),
1172 3345 1252 3431 lupi·

178 3463 229 3517 ter
247 3456 315 3541 ipse
332 3457 509 3536 constitnit,
531 3457 683 3520 maiorem
696 3458 776 3540 patri
797 3478 893 3541 qnam
913 3460 1006 3522 matri
1026 3461 1185 3525 honorem
1197 3479 1253 3529 esse

178 3571 385 3649 tribuendum
408 3569 507 3652 (oto,
529 3572 610 3650 750),
633 3574 739 3633 alone
761 3574 918 3658 repetitur
937 3584 1076 3659 potestas
1097 3575 1254 3653 Mercurii,

178 3685 236 3781 qui
262 3689 407 3751 Orestem
430 3688 652 3751 comitatur'et
682 3696 792 3750 tuetur
812 3675 918 3769 (93),'
932 3693 1059 3776 Jupiter
1078 3694 1184 3756 sanxit
1204 3713 1254 3753 ma·

175 3800 366 3864 ‘trimonium
396 3809 494 3882 mitt,
530 3803 631 3877 218),
675 3806 764 3886 quod
789 3807 975 3868 maculavit
1011 3808 1255 3891 Clytaemnestra

178 3917 253 4000 (Ag.
286 3916 385 3991 162&
415 3919 476 3981 eh.
498 3919 593 3998 917J5
625 3920 862 4004 epitritorum,
896 3924 927 3984 id
952 3924 1040 4006 qnod
1063 3923 1151 4006 ipsae
1173 3922 1256 4008 proli·

171 4040 286 4117 ¹tenttrr
314 4034 453 4116 Furias,
487 4055 629 4099 summus
658 4035 764 4102 honor
792 4047 841 4101 est
861 4038 1022 4124 Apollinis
1041 4044 1157 4122 (229);
1177 4037 1254 4102 louis
