2594 4530
531 269 674 363 ...97
724 297 776 319 ...

109 500 168 546 νει,
190 477 323 542 Addere
348 476 443 543 liceat
464 478 695 559 conjecturam,
722 476 804 540 haee
819 494 888 538 esse
912 472 1013 558 petitu
1028 494 1047 539 s
1057 471 1201 558 ,Sisypho

105 597 225 679 ibique
263 595 482 658 introductum
514 597 614 684 luisse
646 582 780 656 chorum
811 570 984 677 mystarum
1015 588 1200 671 beatomm,

110 695 214 795 ciuem
235 713 366 773 fortasse
383 710 417 770 in
438 709 537 772 Ranis
557 709 635 772 lusit
654 707 925 792 Aristophanen,
953 754 958 761 -

195 827 346 886 Ceterum
371 825 459 887 haud
479 825 582 887 ‘dubie
611 825 818 902 intendens,
851 822 910 907 qui
933 823 976 886 ob
1000 820 1121 905 templu
1142 843 1200 882 ra·
1274 852 1279 859 ·

108 951 190 1004 stata
220 940 592 1009 vindictam'sumserint
610 940 651 1002 de
671 938 786 1017 Persis,
808 959 875 999 non
897 938 1041 999 infimum
1057 937 1200 1023 Aeschy-

107 1059 162 1148 lup
177 1056 314 1140 putabat
331 1059 485 1136 Cererem
506 1057 718 1120 Eleusiniam.
744 1055 857 1116 Narrat
871 1054 973 1119 -enim
1004 1026 1197 1135 Herodotus,

107 1173 316 1235 Demaratum
341 1181 374 1234 et
391 1173 550 1236 Dicaenm
571 1195 589 1234 e
609 1173 737 1235 deserto
762 1171 885 1254 templo
904 1169 1092 1249 Eleusinio,
1122 1169 1200 1231 dum

104 1289 233 1349 Xerxes
243 1287 383 1353 Atticum
394 1289 577 1366 vastaverit,
593 1295 800 1369 resonantem
808 1285 1111 1351 audivissecantum
1128 1307 1200 1368 my-

105 1402 235 1480 sticum,
256 1401 375 1467 uidisse
396 1404 538 1487 speciem
560 1393 694 1486 pompae
712 1401 886 1464 immensae
902 1411 1079 1485 mystarum
1094 1402 1198 1480 (Vlll,

101 1515 183 1589 651:
208 1539 246 1578 ac
261 1517 384 1581 deinde
399 1502 467 1580 tum
478 1519 669 1581 Plataeense
684 1518 945 1600 tumltlycalense
959 1518 1121 1600 proelium
1133 1539 1201 1583 esso

106 1634 325 1697 commissum.
346 1656 448 1717 prope
476 1636 553 1694 fana
582 1633 712 1694 Cereris
747 1608 934 1717 Eleusinios
957 1631 1020 1706 tx,
1044 1626 1101 1706 65,
1126 1635 1199 1699 101.

102 1749 209 1835 Aqua
231 1769 346 1813 rocem
367 1749 459 1810 illem·
474 1749 601 1810 missam
628 1767 697 1810 esse
727 1750 923 1831 suspicatur,
957 1763 1041 1828 quae
1063 1745 1198 1833 Graecis

103 1842 194 1925 trans
224 1880 313 1926 mare
346 1863 499 1927 nuntium
528 1862 672 1926 attulerit
699 1862 742 1927 ds
762 1853 912 1933 'victoria
936 1860 1139 1945 Plataeensi:
1155 1860 1200 1923 ct.

103 1986 171 2046 not.
192 1976 245 2047 ³6.
581 2074 584 2080 Α

613 2131 687 2227 at(

429 2349 459 2429 .’
541 2349 715 2424 Diana.

179 2518 322 2601 liiauam
337 2562 406 2605 esse
422 2541 512 2603 deam
528 2542 626 2604 lunae
641 2542 759 2604 diserte
776 2539 856 2603 dicit
872 2540 1070 2627 Aeschylus:
1085 2535 1199 2627 οἷστερ·

99 2651 190 2720 nutv
203 2645 292 2736 ὄμμα
305 2651 441 2744 Anapias
456 2650 561 2742 κόρης,
582 2658 697 2722 Xantr.
715 2660 754 2724 fr.
770 2660 831 2730 159
846 2661 920 2736 177).’
936 2660 1031 2722 Ratio
1047 2682 1201 2744 quacum

99 2775 180 2838 luna
195 2772 416 2859 conjungitur,
434 2776 546 2858 cadem
561 2776 647 2837 haud
669 2775 766 2839 dubie
782 2785 840 2855 est,
858 2797 940 2861 quae
953 2778 1114 2860 Apollinis
1125 2800 1200 2842 cum

98 2891 181 2972 sole,
204 2893 323 2975 deque
342 2893 401 2955 suls
416 2893 580 2977 Apollinis
603 2891 734 2969 nomine
755 2893 796 2972 (S.
818 2892 874 2976 23)
898 2893 1040 2977 dicetur:
1063 2903 1200 2978 excepto

99 3009 190 3091 quod
214 3010 393 3093 simplicius
415 3011 523 3072 omnia
548 3008 671 3071 Dianae
696 2992 830 3070 munera
851 3031 870 3070 a
887 3010 966 3073 luna
992 3021 1198 3095 repetuntur,

99 3145 198 3207 quam
220 3125 327 3188 fratris
353 3127 466 3206 arole.
508 3127 567 3188 Est
587 3125 676 3188 enim
697 3125 832 3216 Lucina,
854 3127 961 3210 partui
981 3126 1195 3211 prospiciens,

98 3240 128 3305 S.
141 3237 225 3310 676:
248 3240 410 3327 huiusque
425 3232 627 3327 potissimum
641 3241 773 3306 honoris
788 3243 914 3306 ratione
941 3242 1048 3304 habita
1071 3243 1197 3307 Cereris
1282 3309 1285 3324 ,

98 3357 166 3419 filia
189 3357 277 3420 dicta
300 3380 368 3423 esse
387 3360 524 3439 videtur,
547 3359 623 3444 qnia
637 3360 670 3420 'sn
689 3361 796 3422 lucem
810 3361 917 3422 omnia
934 3369 1057 3439 evocat,
1083 3360 1197 3423 eodem

98 3473 132 3535 iu
154 3473 342 3538 hominibus
357 3485 390 3538 et
413 3476 604 3540 animalibus
628 3479 769 3559 fungens
793 3497 946 3552 munere,
978 3497 1044 3559 qno
1069 3447 1198 3543 Proscr-

97 3589 176 3675 pinu
202 3591 237 3653 in
259 3602 367 3676 segete
391 3593 609 3678 producenda.
656 3595 701 3654 Ut
726 3601 887 3653 nocturna
913 3590 972 3651 dea
997 3591 1076 3655 feris
1100 3594 1197 3656 etiam

98 3707 185 3770 favet
211 3708 351 3786 ,bestiiss
384 3709 520 3773 maxime
555 3709 689 3792 quidem
718 3707 836 3771 catulis
873 3709 1025 3786 leonum,
1067 3694 1197 3792 eligantur

97 3889 399 3906 Q-—n-—a--q

113 3980 182 4050 177)
201 3979 574 4053 Phlyensea·seuerslsantur
597 3979 715 4036 Dianam
737 3979 928 4055 σελαςφόρον.
958 3959 1083 4048 sanast,
1099 3982 1147 4050 31,
1167 3981 1195 4050 4.

780 4119 1003 4245 ...p
